
// Public Key Cryptography
@ARTICLE{PK1, 
    author={W. {Diffie}}, 
    journal={Proceedings of the IEEE}, 
    title={The first ten years of public-key cryptography}, 
    year={1988}, 
    volume={76}, 
    number={5}, 
    pages={560-577}
}
@INPROCEEDINGS{PK2, 
    author={F. {Mallouli} and A. {Hellal} and N. {Sharief Saeed} and F. {Abdulraheem Alzahrani}}, 
    booktitle={2019 6th IEEE International Conference on Cyber Security and Cloud Computing (CSCloud)/ 2019 5th IEEE International Conference on Edge Computing and Scalable Cloud (EdgeCom)}, 
    title={A Survey on Cryptography: Comparative Study between RSA vs ECC Algorithms, and RSA vs El-Gamal Algorithms}, 
    year={2019}, 
    volume={}, 
    number={}, 
    pages={173-176}
}
@INPROCEEDINGS{PK3, 
    author={A. S. {Wander} and N. {Gura} and H. {Eberle} and V. {Gupta} and S. C. {Shantz}}, 
    booktitle={Third IEEE International Conference on Pervasive Computing and Communications}, 
    title={Energy analysis of public-key cryptography for wireless sensor networks}, 
    year={2005}, 
    volume={}, 
    number={}, 
    pages={324-328}
}

// ECC
@ARTICLE{ECC1, 
    author={A. {Cilardo} and L. {Coppolino} and N. {Mazzocca} and L. {Romano}}, 
    journal={Proceedings of the IEEE}, 
    title={Elliptic Curve Cryptography Engineering}, 
    year={2006}, 
    volume={94}, 
    number={2}, 
    pages={395-406}
}
@ARTICLE{ECC2, 
    author={K. {Lauter}}, 
    journal={IEEE Wireless Communications}, 
    title={The advantages of elliptic curve cryptography for wireless security}, 
    year={2004}, 
    volume={11}, 
    number={1}, 
    pages={62-67}
}
@ARTICLE{ECC3, 
    author={A. J. {Menezes} and T. {Okamoto} and S. A. {Vanstone}}, 
    journal={IEEE Transactions on Information Theory}, 
    title={Reducing elliptic curve logarithms to logarithms in a finite field}, 
    year={1993}, 
    volume={39}, 
    number={5}, 
    pages={1639-1646}
}
@ARTICLE{RSA1, 
    author={R. {Jozsa}}, 
    journal={Computing in Science Engineering}, 
    title={Quantum factoring, discrete logarithms, and the hidden subgroup problem}, 
    year={2001}, 
    volume={3},
    number={2}, 
    pages={34-43}
}

// Cryptanalysis
@ARTICLE{CA1, 
    author={R. C. -. {Phan} and M. U. {Siddiqi}}, 
    journal={IEEE Transactions on Computers}, 
    title={A Framework for Describing Block Cipher Cryptanalysis}, 
    year={2006}, 
    volume={55}, 
    number={11}, 
    pages={1402-1409}
}

// Side-Channel
@INPROCEEDINGS{SC1, 
    author={M. {Safta} and P. {Svasta} and M. {Dima} and A. {Marghescu} and M. {Costiuc}}, 
    booktitle={2016 IEEE 22nd International Symposium for Design and Technology in Electronic Packaging (SIITME)}, 
    title={Design and setup of Power Analysis attacks}, 
    year={2016}, 
    volume={}, 
    number={}, 
    pages={110-113}
}
@ARTICLE{SC2, 
    author={E. {English} and S. {Hamilton}}, 
    journal={Computer}, 
    title={Network security under siege: the timing attack}, 
    year={1996}, 
    volume={29}, 
    number={3}, 
    pages={95-97}
}
@INPROCEEDINGS{SC3, 
    author={P. {Kocher} and J. {Horn} and A. {Fogh} and D. {Genkin} and D. {Gruss} and W. {Haas} and M. {Hamburg} and M. {Lipp} and S. {Mangard} and T. {Prescher} and M. {Schwarz} and Y. {Yarom}}, 
    booktitle={2019 IEEE Symposium on Security and Privacy (SP)}, 
    title={Spectre Attacks: Exploiting Speculative Execution}, 
    year={2019}, 
    volume={}, 
    number={}, 
    pages={1-19}
}
@ARTICLE{SC4, 
    author={J. {Kong} and O. {Aciicmez} and J. {Seifert} and H. {Zhou}}, 
    journal={IEEE Transactions on Computers}, 
    title={Architecting against Software Cache-Based Side-Channel Attacks}, 
    year={2013}, 
    volume={62}, 
    number={7}, 
    pages={1276-1288}
}
@ARTICLE{SC5, 
    author={A. {ZajiÄ‡} and M. {Prvulovic}}, 
    journal={IEEE Transactions on Electromagnetic Compatibility}, 
    title={Experimental Demonstration of Electromagnetic Information Leakage From Modern Processor-Memory Systems}, 
    year={2014}, 
    volume={56}, 
    number={4}, 
    pages={885-893}
}
@ARTICLE{SC6, 
    author={D. {Page} and F. {Vercauteren}}, 
    journal={IEEE Transactions on Computers}, 
    title={A Fault Attack on Pairing-Based Cryptography}, 
    year={2006}, 
    volume={55}, 
    number={9}, 
    pages={1075-1080}
}
@INPROCEEDINGS{SC7, 
    author={J. {Fan} and X. {Guo} and E. {De Mulder} and P. {Schaumont} and B. {Preneel} and I. {Verbauwhede}}, 
    booktitle={2010 IEEE International Symposium on Hardware-Oriented Security and Trust (HOST)}, 
    title={State-of-the-art of secure ECC implementations: a survey on known side-channel attacks and countermeasures}, 
    year={2010}, 
    volume={}, 
    number={}, 
    pages={76-87}
}

// Block-Cipher
@INPROCEEDINGS{BC1, 
    author={Y. W. {Law} and J. {Doumen} and P. {Hartel}}, 
    booktitle={2004 IEEE International Conference on Mobile Ad-hoc and Sensor Systems (IEEE Cat. No.04EX975)}, 
    title={Benchmarking block ciphers for wireless sensor networks}, 
    year={2004}, 
    volume={}, 
    number={}, 
    pages={447-456}
}
@INPROCEEDINGS{BC2, 
    author={M. {Cazorla} and K. {Marquet} and M. {Minier}}, 
    booktitle={2013 International Conference on Security and Cryptography (SECRYPT)}, 
    title={Survey and benchmark of lightweight block ciphers for wireless sensor networks}, 
    year={2013}, 
    volume={}, 
    number={}, 
    pages={1-6}
}
@INPROCEEDINGS{BC3, 
    author={S. {Surendran} and A. {Nassef} and B. D. {Beheshti}}, 
    booktitle={2018 IEEE Long Island Systems, Applications and Technology Conference (LISAT)}, 
    title={A survey of cryptographic algorithms for IoT devices}, 
    year={2018}, 
    volume={}, 
    number={},
    pages={1-8}
}

// Key Management
@ARTICLE{KM1, 
    author={X. {Du} and M. {Guizani} and Y. {Xiao} and H. {Chen}}, 
    journal={IEEE Transactions on Wireless Communications}, 
    title={Transactions papers a routing-driven Elliptic Curve Cryptography based key management scheme for Heterogeneous Sensor Networks}, 
    year={2009}, 
    volume={8}, 
    number={3}, 
    pages={1223-1229}
}
@ARTICLE{KM2, 
    author={C. H. {Tseng} and S. {Wang} and W. {Tsaur}}, 
    journal={IEEE Transactions on Reliability}, 
    title={Hierarchical and Dynamic Elliptic Curve Cryptosystem Based Self-Certified Public Key Scheme for Medical Data Protection}, 
    year={2015}, 
    volume={64}, 
    number={3}, 
    pages={1078-1085}
}
@ARTICLE{KM3, 
    author={Z. {Yu} and Y. {Guan}}, 
    journal={IEEE Transactions on Parallel and Distributed Systems}, 
    title={A Key Management Scheme Using Deployment Knowledge for Wireless Sensor Networks}, 
    year={2008}, 
    volume={19}, 
    number={10}, 
    pages={1411-1425}
}
